

@inproceedings{DBLP:conf/cvpr/ChenCXK18,
  author    = {Chen Chen and
               Qifeng Chen and
               Jia Xu and
               Vladlen Koltun},
  title     = {\textbf{Learning to See in the Dark}},
  booktitle = {{CVPR}},
  pages     = {3291--3300},
  publisher = {{IEEE} Computer Society},
  year      = {2018}
}

@article{DBLP:journals/tci/ZhaoGFK17,
   author    = {Hang Zhao and
               Orazio Gallo and
               Iuri Frosio and
               Jan Kautz},
   title     = {\textbf{Loss Functions for Image Restoration With Neural Networks}},
   journal   = {{IEEE} Trans. Computational Imaging},
   volume    = {3},
   number    = {1},
   pages     = {47--57},
   year      = {2017}
}

@inproceedings{DBLP:conf/miccai/RonnebergerFB15,
   author    = {Olaf Ronneberger and
               Philipp Fischer and
               Thomas Brox},
   title     = {\textbf{U-Net: Convolutional Networks for Biomedical Image Segmentation}},
   booktitle = {{MICCAI} {(3)}},
   series    = {Lecture Notes in Computer Science},
   volume    = {9351},
   pages     = {234--241},
   publisher = {Springer},
   year      = {2015}
}

@article{DBLP:journals/pami/BakerK02,
  author    = {Simon Baker and
               Takeo Kanade},
  title     = {Limits on Super-Resolution and How to Break Them},
  journal   = {{IEEE} Trans. Pattern Anal. Mach. Intell.},
  volume    = {24},
  number    = {9},
  pages     = {1167--1183},
  year      = {2002}
}
